<?xml version="1.0" encoding="UTF-8"?><collection xmlns="http://www.loc.gov/MARC21/slim"><record><leader>00636nam--2200193-u-4500</leader><controlfield tag="001">000053027</controlfield><controlfield tag="002">20161230</controlfield><controlfield tag="005">20170208102455</controlfield><controlfield tag="008">110103s1000------------r-----000-0-eng-d</controlfield><datafield ind1=" " ind2=" " tag="020"><subfield code="a">0917406230</subfield></datafield><datafield ind1=" " ind2=" " tag="040"><subfield code="a">IFIN-HH</subfield></datafield><datafield ind1=" " ind2=" " tag="080"><subfield code="a">(537.85:531.5):530.15</subfield></datafield><datafield ind1="1" ind2=" " tag="100"><subfield code="a">Jefimenko, Oleg D</subfield></datafield><datafield ind1="1" ind2="0" tag="245"><subfield code="a">Causality electromagnetic induction and gravitation</subfield><subfield code="b">A different approach to the theory of electromagnetic and gravitational fields</subfield><subfield code="c">Oleg d. jefimenko</subfield></datafield><datafield ind1="1" ind2="1" tag="246"><subfield code="i">Second Edition</subfield></datafield><datafield ind1=" " ind2=" " tag="260"><subfield code="a">Star City, West Virginia</subfield><subfield code="b">Electret Scientific Company</subfield><subfield code="c">2000</subfield></datafield><datafield ind1=" " ind2=" " tag="300"><subfield code="a">210P</subfield></datafield><datafield ind1=" " ind2=" " tag="852"><subfield code="a">82233</subfield><subfield code="c">537:538</subfield></datafield><datafield ind1=" " ind2=" " tag="CAT"><subfield code="a">SYS</subfield><subfield code="c">20170208</subfield><subfield code="h">102455</subfield></datafield></record></collection>